%%%%%%%%%%%%%%%%%%%%%%%%%%%%%%%%%%%%%%%%%%%%%%%%%%%%%%%%%%%%%%%%%%%
%%% Documento LaTeX 																						%%%
%%%%%%%%%%%%%%%%%%%%%%%%%%%%%%%%%%%%%%%%%%%%%%%%%%%%%%%%%%%%%%%%%%%
% Título:		Referencias bibliográficas
% Autor:  	Ignacio Moreno Doblas
% Fecha:  	2014-02-01, actualizado 2019-11-11
% Versión:	0.5.0
%%%%%%%%%%%%%%%%%%%%%%%%%%%%%%%%%%%%%%%%%%%%%%%%%%%%%%%%%%%%%%%%%%%%


@article{who1,
  author          = {World Hearth Organization},
  title           = {Road Traffic Injuries},
  journal         = {},
  volume          = {},
  number          = {},
  year            = {Junio 2021}
}

@article{who2,
  author          = {World Hearth Organization},
  title           = {Global status report on road safety},
  journal         = {},
  volume          = {},
  number          = {},
  year            = {Junio 2018}
}

@article{who3,
  author          = {World Hearth Organization},
  title           = {Electromagnetic fields and public health},
  journal         = {},
  volume          = {},
  number          = {},
  year            = {Junio 2017}
}

@article{khan,
  author          = {L. U. Khan},
  title           = {Visible light communication: Applications, architecture, standardization and research challenges},
  journal         = {Digital Communications and Networks},
  volume          = {},
  number          = {},
  year            = {2017},
  pages           = {78-88},
  note            = {KeAi}
}

@article{falci,
  author          = {M. Falcitelli y P. Pagano},
  title           = {Visible Light Communication for Cooperative ITS},
  journal         = {Intelligent Transportation Systems, Studies in Systems, Decision and Control},
  volume          = {52},
  number          = {},
  year            = {2016},
  pages           = {19-47},
  note            = {Suiza: Springer International Publishing},
}

@article{caile,
  author          = {A.M. Cailean y M. Dimian},
  title           = {Impact of IEEE 802.15.7 Standard on Visible Light Communications Usage in Automotive Applications},
  journal         = {IEEE Communications Magazine},
  volume          = {},
  number          = {},
  year            = {2017},
  pages           = {169-175}
}

@article{fpga,
  author          = {Javier López},
  title           = {Qué es un FPGA: características y utilidad de este tipo de componente},
  journal         = {HardZone},
  volume          = {},
  number          = {},
  year            = {Junio 2021}
}

@manual{pitaya,
  title        = {Red Pitaya Documentation},
  author       = {Red Pitaya Stemlab}
}

@article{vivado,
  author          = {Jyoti Saini y Priyanka Verma},
  title           = {An Implementation and Comparison of IO Expander on Zed Board and Spartan 3E for Low Cost and Area Efficiency},
  journal         = {International Journal of Electrical and Electronics Engineering},
  volume          = {2},
  number          = {},
  year            = {2015}
}

@article{ieee,
  author          = {IEEE Standars Association},
  title           = {IEEE Standard for Local and metropolitan area networks. Part 15.7: Short-Range Optical Wireless Communications},
  journal         = {},
  volume          = {},
  number          = {},
  year            = {2018}
}

@article{arte,
  author          = {ISA},
  title           = {More than Illumination},
  journal         = {Strategic Research Agenda},
  volume          = {},
  number          = {},
  year            = {2013}
}

@article{anto_alt,
  author          = {Antonio García Zambrana y Antonio Puerta Notario},
  title           = {Rate-adaptive indoor wireless infrared links using OOK formats with alternate-position Gaussian pulses},
  journal         = {Electronic Letters},
  volume          = {},
  number          = {},
  year            = {2001}
}

@article{anto_cancel,
  author          = {Antonio García Zambrana y Antonio Puerta Notario},
  title           = {Novel approach for increasing the peak-to-average optical power ratio in rate-adaptive optical wireless communication systems},
  journal         = {IEE Proceedings Optoelectronics},
  volume          = {50},
  number          = {5},
  year            = {2003}
}

@article{ppm,
  author          = {Shlomi Arnon},
  title           = {Visible Light Communication},
  journal         = {Cambridge University Press},
  volume          = {},
  number          = {},
  year            = {2015}
}

@article{hard,
  author          = {Mathuranathan Viswanathan},
  title           = {Hard and Soft decision decoding},
  journal         = {GaussianWaves},
  volume          = {},
  number          = {},
  year            = {2009}
}

@article{euclidean,
  author          = {Ivan Dokmanic, Reza Parhizkar, Juri Ranieri y Martin Vetterli},
  title           = {Euclidean Distance Matrices: Short Walk Through Theory, Algorithms and Applications},
  journal         = {Computing Research Repository (CoRR)},
  volume          = {},
  number          = {},
  year            = {2015}
}

@article{viterbi,
  author          = {Wikipedia},
  title           = {Algoritmo de Viterbi},
  journal         = {},
  volume          = {},
  number          = {},
  url             = {https://es.wikipedia.org/wiki/Algoritmo_de_Viterbi},
  year            = {}
}
